<?xml version="1.0" encoding="UTF-8"?><collection xmlns="http://www.loc.gov/MARC21/slim"><record><leader>00399nam--2200145-i-4500</leader><controlfield tag="001">000039351</controlfield><controlfield tag="002">20161230</controlfield><controlfield tag="005">20161230201042</controlfield><controlfield tag="008">060222s1000------------r-----000-0-eng-d</controlfield><datafield ind1=" " ind2=" " tag="080"><subfield code="a">621.375.826</subfield></datafield><datafield ind1=" " ind2=" " tag="100"><subfield code="a">Pratt, William K</subfield></datafield><datafield ind1=" " ind2=" " tag="245"><subfield code="a">Laser communication systems</subfield></datafield><datafield ind1=" " ind2=" " tag="260"><subfield code="a">New York, John Wiley &amp; Sons, Inc., 1969, Xi + 271p</subfield></datafield><datafield ind1=" " ind2=" " tag="490"><subfield code="a">Wiley Series In Pure And Applied Optics</subfield></datafield><datafield ind1=" " ind2=" " tag="852"><subfield code="a">30743</subfield></datafield></record></collection>